%% This BibTeX bibliography file was created using BibDesk.
%% https://bibdesk.sourceforge.io/

%% Created for circle at 2021-05-08 17:00:11 +0800 


%% Saved with string encoding Unicode (UTF-8) 



@article{olsthoorn,
	author = {Olsthoorn, Jason and Tedford, Edmund W. and Lawrence, Gregory A.},
	date-added = {2021-05-08 16:59:28 +0800},
	date-modified = {2021-05-08 17:00:11 +0800},
	doi = {10.1017/jfm.2021.319},
	journal = {Journal of Fluid Mechanics},
	pages = {A6},
	publisher = {Cambridge University Press},
	title = {The cooling box problem: convection with a quadratic equation of state},
	volume = {918},
	year = {2021},
	Bdsk-Url-1 = {https://doi.org/10.1017/jfm.2021.319}}
