%% This BibTeX bibliography file was created using BibDesk.
%% https://bibdesk.sourceforge.io/

%% Created for circle at 2021-05-02 18:53:13 +0800 


%% Saved with string encoding Unicode (UTF-8) 



@book{companion,
	author = {Mittelbach, Frank},
	date-added = {2021-05-02 18:52:34 +0800},
	date-modified = {2021-05-02 18:53:13 +0800},
	publisher = {Addison-Wesley},
	title = {The LaTeX companion},
	year = {c2004}}

@book{texbook,
	author = {Knuth, Donald Ervin},
	date-added = {2021-05-02 18:50:03 +0800},
	date-modified = {2021-05-02 18:50:55 +0800},
	publisher = {Addison-Wesley Pub. Co.},
	title = {The TeXbook},
	year = {c1984}}

@book{lhy,
	author = {刘海洋},
	date-added = {2021-05-02 18:39:46 +0800},
	date-modified = {2021-05-02 18:40:17 +0800},
	publisher = {电子工业出版社},
	title = {LATEX入门},
	year = {2013}}
